@book{leibson2006designing,
  title={Designing SOCs with Configured Cores: Unleashing the Tensilica Xtensa and Diamond Cores},
  author={Leibson, Steve},
  year={2006},
  publisher={Elsevier}
}

@techreport{tensilica2008whitepaper,
  title       = {Whitepaper: Diamond Standard Processor Cores},
  institution = {Tensilica Inc.},
  year        = {2008},
  url         = {https://ip.cadence.com/uploads/white_papers/Diamond_Tensilica.pdf}
}

@misc{gcc,
  title = {GNU Compiler Collection},
  url = {https://gcc.gnu.org/}
}

@misc{binutils,
  title = {GNU Binutils},
  url = {https://www.gnu.org/software/binutils/}
}

@misc{qemu,
  title = {QEMU},
  url = {https://www.qemu.org/}
}

@misc{specreg,
  institution = {Tensilica Inc.},
  year = {2013},
  title = {specreg.h},
  url = {https://github.com/qca/open-ath9k-htc-firmware/blob/c5830098/target_firmware/magpie_fw_dev/target/inc/xtensa/config/specreg.h}
}
